@article{amunts2013bigbrain,
  title={BigBrain: an ultrahigh-resolution 3D human brain model},
  author={Amunts, Katrin and Lepage, Claude and Borgeat, Louis and Mohlberg, Hartmut and Dickscheid, Timo and Rousseau, Marc-{\'E}tienne and Bludau, Sebastian and Bazin, Pierre-Louis and Lewis, Lindsay B and Oros-Peusquens, Ana-Maria and others},
  journal={Science},
  volume={340},
  number={6139},
  pages={1472--1475},
  year={2013},
  publisher={American Association for the Advancement of Science}
}

@inproceedings{burns2013open,
  title={The open connectome project data cluster: scalable analysis and vision for high-throughput neuroscience},
  author={Burns, Randal and Lillaney, Kunal and Berger, Daniel R and Grosenick, Logan and Deisseroth, Karl and Reid, R Clay and Roncal, William Gray and Manavalan, Priya and Bock, Davi D and Kasthuri, Narayanan and others},
  booktitle={Proceedings of the 25th International Conference on Scientific and Statistical Database Management},
  pages={27},
  year={2013},
  organization={ACM}
}


@article{vincent2016minc,
  title={MINC 2.0: A Flexible Format for Multi-Modal Images},
  author={Vincent, Robert D and Neelin, Peter and Khalili-Mahani, Najmeh and Janke, Andrew L and Fonov, Vladimir S and Robbins, Steven M and Baghdadi, Leila and Lerch, Jason and Sled, John G and Adalat, Reza and others},
  journal={Frontiers in neuroinformatics},
  volume={10},
  year={2016},
  publisher={Frontiers Media SA}
}
